@misc{usyd1,
	author = "{The University of Sydney}",
	title = "{APA} Referencing Style (6th Edition)",
	year = 2022,
	note = "See \url{https://libguides.library.usyd.edu.au/ld.php?content\_id=47913440}"
}

@misc{usyd2,
	author = "{The University of Sydney}",
	title = "Referencing and Citation Styles: {IEEE}",
	year = 2022,
	note = "See \url{https://libguides.library.usyd.edu.au/c.php?g=508212}"
}

@misc{sfia,
    author = "{SFIA}",
    title = "Computational science skills in SFIA",
    year = 2021,
    note = "See \url{https://sfia-online.org/en/sfia-8/themes-for-sfia-8/computational-science-skills}"
}

@misc{hpc1,
    author = "{Netapp}",
    title = "What is High-Performance Computing?",
    year = 2020,
    note = "See \url{https://www.netapp.com/data-storage/high-performance-computing/what-is-hpc}"
}

@misc{hpc2,
    author = "{IBM}",
    title = "What is HPC?",
    year = "",
    note = "See \url{https://www.ibm.com/topics/hpc}"
}

@misc{numan1,
    author = "{Britannica}",
    title = "Numerical Analysis",
    year = 2017,
    note = "See \url{https://www.britannica.com/science/numerical-analysis}"
}

@misc{numan2,
    author = "{Scholarpedia}",
    title = "Scholarpedia's Numerical Analysis",
    year = 2007,
    note = "See \url{http://www.scholarpedia.org/article/Numerical_analysis}"
}

@misc{compmodel,
    author = "{National Institute of Biomedical Imaging and Bioengineering}",
    title = "Computational Modeling",
    year = 2020,
    note = "See \url{https://www.nibib.nih.gov/science-education/science-topics/computational-modeling}"
}

@misc{turing,
    author = "{Wikipedia}",
    title = "Turing Pattern",
    year = 2023,
    note = "See \url{https://en.wikipedia.org/wiki/Turing_pattern}"
}

@misc{cyber,
    author = "{Security Expert Line Community}",
    title = "Darkreading",
    year = 2006,
    note = "See \url{https://www.darkreading.com/cyber-risk}"
}

@misc{security,
    author = "{Bruce Schneier}",
    title = "Schneier on Security",
    year = 2003,
    note = "See \url{https://www.schneier.com}"
}

@misc{crime,
    author = "{IT elites and white hackers}",
    title = "Infosecurity Magazine",
    year = 2003,
    note = "See \url{https://www.infosecurity-magazine.com/cybercriminals-and-convictions}"
}

@article{durlak1998program,
  title={Why program implementation is important},
  author={Durlak, Joseph A},
  journal={Journal of Prevention \& Intervention in the community},
  volume={17},
  number={2},
  pages={5--18},
  year={1998},
  publisher={Taylor \& Francis},
  url={https://www.tandfonline.com/doi/abs/10.1300/J005v17n02_02},
}

@inproceedings{bennedsen2005revealing,
  title={Revealing the programming process},
  author={Bennedsen, Jens and Caspersen, Michael Edelgaard},
  booktitle={Proceedings of the 36th SIGCSE Technical Symposium on Computer Science Education, SIGCSE 2005 (St. Louis, Missouri, USA, February 23-27, 2005)},
  pages={186--190},
  year={2005},
  organization={Association for Computing Machinery},
  url={https://dl.acm.org/doi/abs/10.1145/1047344.1047413}
}

@article{harel1990software,
  title={Software design as a learning environment},
  author={Harel, Idit and Papert, Seymour},
  journal={Interactive learning environments},
  volume={1},
  number={1},
  pages={1--32},
  year={1990},
  publisher={Taylor \& Francis},
  url={https://www.tandfonline.com/doi/abs/10.1080/1049482900010102}
}

@article{zhang2011we,
  title={What do we know about the effectiveness of software design patterns?},
  author={Zhang, Cheng and Budgen, David},
  journal={IEEE Transactions on Software Engineering},
  volume={38},
  number={5},
  pages={1213--1231},
  year={2011},
  publisher={IEEE},
  url={https://ieeexplore.ieee.org/abstract/document/5975176/}
}

@article{boland1978process,
  title={The process and product of system design},
  author={Boland Jr, Richard J},
  journal={Management science},
  volume={24},
  number={9},
  pages={887--898},
  year={1978},
  publisher={INFORMS},
  url={https://pubsonline.informs.org/doi/abs/10.1287/mnsc.24.9.887}
}


@article{vasantha2012review,
  title={A review of product--service systems design methodologies},
  author={Vasantha, Gokula Vijaykumar Annamalai and Roy, Rajkumar and Lelah, Alan and Brissaud, Daniel},
  journal={Journal of Engineering Design},
  volume={23},
  number={9},
  pages={635--659},
  year={2012},
  publisher={Taylor \& Francis},
  url={https://www.tandfonline.com/doi/full/10.1080/09544828.2011.639712}
}

@book{van2016data,
  title={Data science in action},
  author={Van Der Aalst, Wil and van der Aalst, Wil},
  year={2016},
  publisher={Springer},
  url={https://link.springer.com/chapter/10.1007/978-3-662-49851-4_1}
}

@inproceedings{birnholtz2003data,
  title={Data at work: supporting sharing in science and engineering},
  author={Birnholtz, Jeremy P and Bietz, Matthew J},
  booktitle={Proceedings of the 2003 ACM International Conference on Supporting Group Work},
  pages={339--348},
  year={2003},
  url={https://dl.acm.org/doi/abs/10.1145/958160.958215?casa_token=q4y3N833-dwAAAAA:fDBvScLfhZfU7KIKjLmrRfY04aSIcHE9frY3vVdssnCcbyD9pwQ3lhaabMQObtoASWtjwwuktp8flQ}
}

@incollection{brodie1984development,
  title={On the development of data models},
  author={Brodie, Michael L},
  booktitle={On Conceptual Modelling: Perspectives from Artificial Intelligence, Databases, and Programming Languages},
  pages={19--47},
  year={1984},
  publisher={Springer},
  url={https://link.springer.com/chapter/10.1007/978-1-4612-5196-5_2}
}

@misc{topcontainers,
    author = "{Mirren McDade}",
    title = "The Top 10 Container Security Tools",
    year = 2023,
    note = "See \url{https://expertinsights.com/insights/the-top-10-container-security-tools/}"
}

@misc{pythonpackagemanagers,
    author = "{Adam Hill}",
    title = "Python Package Manager Comparison",
    year = 2023,
    note = "See \url{https://dev.to/adamghill/python-package-manager-comparison-1g98}"
}

@misc{dockeroverview,
    author = "{Docker.docs}",
    title = "Docker overview",
    year = 2024,
    note = "See \url{https://docs.docker.com/get-started/overview/ }"
}

@misc{dockerlimits,
    author = "{What is Docker? Uses and Limitations}",
    title = "Jesús Cantú",
    year = 2023,
    note = "See \url{https://medium.com/@jesus.cantu217/what-is-docker-uses-limitations-a10eb5ccec24}"
}

@misc{poetryoverview,
    author = "{Poetry}",
    title = "Poetry Introoduction",
    year = "",
    note = "See \url{https://python-poetry.org/docs/ }"
}

@misc{poetrylimits,
    author = "{reddit}",
    title = "Pain points of moving to Poetry?",
    year = 2022,
    note = "See \url{https://www.reddit.com/r/Python/comments/y3vzho/pain_points_of_moving_to_poetry/ }"
}

@misc{labletypes,
    author = "{Wikibooks}",
    title = "LaTeX/Labels and Cross-referencing",
    year = 2023,
    note = "See \url{https://en.wikibooks.org/wiki/LaTeX/Labels_and_Cross-referencing}"
}

@book{wentk2014xcode,
  title={Xcode 5 developer reference},
  author={Wentk, Richard},
  year={2014},
  publisher={John Wiley \& Sons}
}

@book{ohland2016xcode,
  title={Xcode 7 Essentials},
  author={Ohland, Brett and Varma, Jayant},
  year={2016},
  publisher={Packt Publishing}
}

@article{lin2022xcode,
  title={Xcode: Towards cross-language code representation with large-scale pre-training},
  author={Lin, Zehao and Li, Guodun and Zhang, Jingfeng and Deng, Yue and Zeng, Xiangji and Zhang, Yin and Wan, Yao},
  journal={ACM Transactions on Software Engineering and Methodology (TOSEM)},
  volume={31},
  number={3},
  pages={1--44},
  year={2022},
  publisher={ACM New York, NY}
}

@inproceedings{hu2018deepgraph,
  title={DeepGraph: A PyCharm tool for visualizing and understanding deep learning models},
  author={Hu, Qiang and Ma, Lei and Zhao, Jianjun},
  booktitle={2018 25th Asia-Pacific Software Engineering Conference (APSEC)},
  pages={628--632},
  year={2018},
  organization={IEEE}
}

@book{van2023hands,
  title={Hands-On Application Development with PyCharm: Build applications like a pro with the ultimate python development tool},
  author={Van Horn II, Bruce M and Nguyen, Quan},
  year={2023},
  publisher={Packt Publishing Ltd}
}

@article{parconcomparison,
  title={Comparison of Transaction Reduction and Dynamic Itemset Counting Implementations of the Apriori algorithm in Python 3.8},
  author={PARCON, RAYNE CARL B and SETIAS, JAMES EUGENE L and HOLIPAS, MARY THERESE M and ED, EISEN}
}

@book{loeliger2012version,
  title={Version Control with Git: Powerful tools and techniques for collaborative software development},
  author={Loeliger, Jon and McCullough, Matthew},
  year={2012},
  publisher={" O'Reilly Media, Inc."}
}

@misc{tags,
	author = "{git official}",
	title = "Referencing and Citation Styles: {IEEE}",
	year = 2022,
	note = "See \url{https://git-scm.com/book/en/v2/Git-Basics-Tagging}"
}

@misc{DataCamp,
	title = {Using Functions in R Tutorial},
  author = {Javier Canales Luna},
	year = {2023},
	note = "See \url{https://www.datacamp.com/tutorial/functions-in-r-a-tutorial}"
}

@misc{Linkedin,
	title = {Importance of R in Data Science},
  author = {Tuhin Tapadar},
	year = {2023},
	note = "See \url{https://www.linkedin.com/pulse/importance-r-data-science-tuhin-tapadar#:~:text=R%20is%20a%20programming%20language,any%20data%20scientist%20to%20know.}"
}

@misc{Analytics,
	title = {SQL For Data Science: A Beginner Guide!},
  author = {Neelu Tiwari},
	year = {2024},
	note = "See \url{https://www.analyticsvidhya.com/blog/2021/06/sql-for-data-science-a-beginners-guide/#:~:text=SQL%20is%20extremely%20important%20for,SQL%20for%20processing%20structured%20data.}"
}

@misc{Unstop,
	title = {Advantages And Disadvantages Of SQL Simplified (With Examples)},
  author = {Shreeya Thakur},
	year = {2023},
	note = "See \url{https://unstop.com/blog/advantages-and-disadvantages-of-sql}"
}

@misc{blogs,
	title = {SQL Server Functions: 29 Examples + Definitions},
  author = {Clint Fontanella},
	year = {2023},
	note = "See \url{https://blog.hubspot.com/website/sql-server-functions#:~:text=SQL%20server%20functions%20are%20pre,%2C%20conditional%2C%20and%20aggregate%20functions.}"
}